@online{surveillance,
  author       = {Paul Bischoff},
  title        = {Surveillance camera statistics: which are the most surveilled cities?},
  year         = {2021},
  url          = {https://www.comparitech.com/vpn-privacy/the-worlds-most-surveilled-cities/},
  urldate      = {2025-04-29},
  organization = {Comparitech}
}

@techreport{soton371614,
  month     = {March},
  type      = {Working Paper},
  title     = {Applying psychological science to the CCTV review process: a review of cognitive and ergonomic literature},
  author    = {Anne Hillstrom and Lorraine Hope and Claire Nee},
  address   = {London},
  publisher = {The Stationery Office},
  year      = {2008},
  url       = {https://eprints.soton.ac.uk/371614/}
}

@article{cnn,
  author   = {Sakshi Indolia and Anil Kumar Goswami and S.P. Mishra and Pooja Asopa},
  doi      = {https://doi.org/10.1016/j.procs.2018.05.069},
  issn     = {1877-0509},
  journal  = {Procedia Computer Science},
  keywords = {Convolution Neural Network, Deep Neural Network, Gradient Descent, ADAM},
  note     = {International Conference on Computational Intelligence and Data Science},
  pages    = {679-688},
  title    = {Conceptual Understanding of Convolutional Neural Network- A Deep Learning Approach},
  url      = {https://www.sciencedirect.com/science/article/pii/S1877050918308019},
  volume   = {132},
  year     = {2018}
}

@article{cnn_models_review,
  author     = {Farhana Sultana and
                Abu Sufian and
                Paramartha Dutta},
  bibsource  = {dblp computer science bibliography, https://dblp.org},
  biburl     = {https://dblp.org/rec/journals/corr/abs-1905-01614.bib},
  eprint     = {1905.01614},
  eprinttype = {arXiv},
  journal    = {CoRR},
  timestamp  = {Mon, 12 Aug 2019 16:55:47 +0200},
  title      = {A Review of Object Detection Models based on Convolutional Neural
                Network},
  url        = {http://arxiv.org/abs/1905.01614},
  volume     = {abs/1905.01614},
  year       = {2019}
}

@misc{convolution,
  author     = {Grt~commonswiki},
  title      = {Princip výpočtu dvourozměrné diskrétní konvoluce},
  year       = {2006},
  month      = {7},
  day        = {20},
  url        = {https://upload.wikimedia.org/wikipedia/commons/c/c5/Konvoluce_2rozm_diskretni.jpg},
  licenseurl = {https://creativecommons.org/licenses/by-sa/3.0/},
  note       = {Licensed under Creative Commons Attribution-Share Alike 3.0 Unported}
}

@article{yolo,
  author     = {Joseph Redmon and
                Santosh Kumar Divvala and
                Ross B. Girshick and
                Ali Farhadi},
  bibsource  = {dblp computer science bibliography, https://dblp.org},
  biburl     = {https://dblp.org/rec/journals/corr/RedmonDGF15.bib},
  eprint     = {1506.02640},
  eprinttype = {arXiv},
  journal    = {CoRR},
  timestamp  = {Mon, 13 Aug 2018 16:48:08 +0200},
  title      = {You Only Look Once: Unified, Real-Time Object Detection},
  url        = {http://arxiv.org/abs/1506.02640},
  volume     = {abs/1506.02640},
  year       = {2015}
}

@article{yolo9000,
  author     = {Joseph Redmon and
                Ali Farhadi},
  bibsource  = {dblp computer science bibliography, https://dblp.org},
  biburl     = {https://dblp.org/rec/journals/corr/RedmonF16.bib},
  eprint     = {1612.08242},
  eprinttype = {arXiv},
  journal    = {CoRR},
  timestamp  = {Mon, 13 Aug 2018 16:48:25 +0200},
  title      = {{YOLO9000:} Better, Faster, Stronger},
  url        = {http://arxiv.org/abs/1612.08242},
  volume     = {abs/1612.08242},
  year       = {2016}
}

@article{yolov3,
  author     = {Joseph Redmon and
                Ali Farhadi},
  bibsource  = {dblp computer science bibliography, https://dblp.org},
  biburl     = {https://dblp.org/rec/journals/corr/abs-1804-02767.bib},
  eprint     = {1804.02767},
  eprinttype = {arXiv},
  journal    = {CoRR},
  timestamp  = {Mon, 13 Aug 2018 16:48:24 +0200},
  title      = {YOLOv3: An Incremental Improvement},
  url        = {http://arxiv.org/abs/1804.02767},
  volume     = {abs/1804.02767},
  year       = {2018}
}

@misc{yolo-pose,
  title         = {YOLO-Pose: Enhancing YOLO for Multi Person Pose Estimation Using Object Keypoint Similarity Loss},
  author        = {Debapriya Maji and Soyeb Nagori and Manu Mathew and Deepak Poddar},
  year          = {2022},
  eprint        = {2204.06806},
  archiveprefix = {arXiv},
  primaryclass  = {cs.CV},
  url           = {https://arxiv.org/abs/2204.06806}
}

@misc{yolov7,
  title         = {YOLOv7: Trainable bag-of-freebies sets new state-of-the-art for real-time object detectors},
  author        = {Chien-Yao Wang and Alexey Bochkovskiy and Hong-Yuan Mark Liao},
  year          = {2022},
  eprint        = {2207.02696},
  archiveprefix = {arXiv},
  primaryclass  = {cs.CV},
  url           = {https://arxiv.org/abs/2207.02696}
}

@misc{yolov9,
  archiveprefix = {arXiv},
  author        = {Chien-Yao Wang and I-Hau Yeh and Hong-Yuan Mark Liao},
  eprint        = {2402.13616},
  primaryclass  = {cs.CV},
  title         = {YOLOv9: Learning What You Want to Learn Using Programmable Gradient Information},
  url           = {https://arxiv.org/abs/2402.13616},
  year          = {2024}
}

@misc{yolov11,
  title         = {YOLOv11: An Overview of the Key Architectural Enhancements},
  author        = {Rahima Khanam and Muhammad Hussain},
  year          = {2024},
  eprint        = {2410.17725},
  archiveprefix = {arXiv},
  primaryclass  = {cs.CV},
  url           = {https://arxiv.org/abs/2410.17725}
}

@article{ssd,
  author     = {Wei Liu and
                Dragomir Anguelov and
                Dumitru Erhan and
                Christian Szegedy and
                Scott E. Reed and
                Cheng{-}Yang Fu and
                Alexander C. Berg},
  bibsource  = {dblp computer science bibliography, https://dblp.org},
  biburl     = {https://dblp.org/rec/journals/corr/LiuAESR15.bib},
  eprint     = {1512.02325},
  eprinttype = {arXiv},
  journal    = {CoRR},
  timestamp  = {Wed, 12 Feb 2020 08:32:49 +0100},
  title      = {{SSD:} Single Shot MultiBox Detector},
  url        = {http://arxiv.org/abs/1512.02325},
  volume     = {abs/1512.02325},
  year       = {2015}
}

@article{openpose,
  author     = {Zhe Cao and
                Gines Hidalgo and
                Tomas Simon and
                Shih{-}En Wei and
                Yaser Sheikh},
  bibsource  = {dblp computer science bibliography, https://dblp.org},
  biburl     = {https://dblp.org/rec/journals/corr/abs-1812-08008.bib},
  eprint     = {1812.08008},
  eprinttype = {arXiv},
  journal    = {CoRR},
  timestamp  = {Wed, 02 Jan 2019 14:40:18 +0100},
  title      = {OpenPose: Realtime Multi-Person 2D Pose Estimation using Part Affinity
                Fields},
  url        = {http://arxiv.org/abs/1812.08008},
  volume     = {abs/1812.08008},
  year       = {2018}
}

@misc{lagan,
  author    = {Lagan, Jiří},
  date      = 2021,
  langid    = {cs},
  location  = {Ostrava},
  publisher = {Vysoká škola báňská – Technická univerzita Ostrava},
  title     = {Modul LSTM a Rekurentních neuronových sítí pro program Modeler neuronových sítí},
  type      = {Diplomová práce},
  url       = {http://hdl.handle.net/10084/143977},
  urldate   = {2025-02-24}
}


@article{McCulloch1943,
  author  = {McCulloch, Warren S.
             and Pitts, Walter},
  day     = {01},
  doi     = {10.1007/BF02478259},
  issn    = {1522-9602},
  journal = {The bulletin of mathematical biophysics},
  month   = {12},
  number  = {4},
  pages   = {115-133},
  title   = {A logical calculus of the ideas immanent in nervous activity},
  url     = {https://doi.org/10.1007/BF02478259},
  volume  = {5},
  year    = {1943}
}

@inproceedings{nn_history,
  address   = {Cham},
  author    = {Macukow, Bohdan},
  booktitle = {Computer Information Systems and Industrial Management},
  editor    = {Saeed, Khalid
               and Homenda, W{\l}adys{\l}aw},
  isbn      = {978-3-319-45378-1},
  pages     = {3--14},
  publisher = {Springer International Publishing},
  title     = {Neural Networks -- State of Art, Brief History, Basic Models and Architecture},
  year      = {2016}
}

@article{Rosenblatt1958,
  author  = {Frank Rosenblatt},
  journal = {Psychological review},
  pages   = {
             386-408
             },
  title   = {The perceptron: a probabilistic model for information storage and organization in the brain.},
  url     = {https://api.semanticscholar.org/CorpusID:12781225},
  volume  = {65 6},
  year    = {1958}
}

@inbook{backpropagation,
  address   = {Cambridge, MA, USA},
  author    = {Rumelhart, D. E. and Hinton, G. E. and Williams, R. J.},
  booktitle = {Parallel Distributed Processing: Explorations in the Microstructure of Cognition, Vol. 1: Foundations},
  isbn      = {026268053X},
  numpages  = {45},
  pages     = {318–362},
  publisher = {MIT Press},
  title     = {Learning internal representations by error propagation},
  year      = {1986}
}


@book{Vondrak1994,
  address   = {Ostrava},
  author    = {Ivo Vondrák},
  edition   = {1. vyd},
  isbn      = {80-7078-259-5},
  publisher = {Vysoká škola báňská},
  title     = {Umělá inteligence a neuronové sítě},
  year      = {1994}
}

@article{lecun1989,
  author   = {LeCun, Y. and Boser, B. and Denker, J. S. and Henderson, D. and Howard, R. E. and Hubbard, W. and Jackel, L. D.},
  doi      = {10.1162/neco.1989.1.4.541},
  journal  = {Neural Computation},
  keywords = {},
  number   = {4},
  pages    = {541-551},
  title    = {Backpropagation Applied to Handwritten Zip Code Recognition},
  volume   = {1},
  year     = {1989}
}

@misc{coco,
  archiveprefix = {arXiv},
  author        = {Tsung-Yi Lin and Michael Maire and Serge Belongie and Lubomir Bourdev and Ross Girshick and James Hays and Pietro Perona and Deva Ramanan and C. Lawrence Zitnick and Piotr Dollár},
  eprint        = {1405.0312},
  primaryclass  = {cs.CV},
  title         = {Microsoft COCO: Common Objects in Context},
  url           = {https://arxiv.org/abs/1405.0312},
  year          = {2015}
}

@article{szegedy,
  author     = {Dumitru Erhan and
                Christian Szegedy and
                Alexander Toshev and
                Dragomir Anguelov},
  bibsource  = {dblp computer science bibliography, https://dblp.org},
  biburl     = {https://dblp.org/rec/journals/corr/ErhanSTA13.bib},
  eprint     = {1312.2249},
  eprinttype = {arXiv},
  journal    = {CoRR},
  timestamp  = {Mon, 13 Aug 2018 16:46:43 +0200},
  title      = {Scalable Object Detection using Deep Neural Networks},
  url        = {http://arxiv.org/abs/1312.2249},
  volume     = {abs/1312.2249},
  year       = {2013}
}

@article{r-cnn,
  author  = {Girshick, Ross and Donahue, Jeff and Darrell, Trevor and Malik, Jitendra},
  journal = {IEEE Transactions on Pattern Analysis and Machine Intelligence},
  title   = {Region-Based Convolutional Networks for Accurate Object Detection and Segmentation},
  year    = {2016},
  volume  = {38},
  number  = {1},
  pages   = {142-158},
  doi     = {10.1109/TPAMI.2015.2437384}
}

@article{fast-r-cnn,
  author     = {Ross B. Girshick and
                Jeff Donahue and
                Trevor Darrell and
                Jitendra Malik},
  title      = {Rich feature hierarchies for accurate object detection and semantic
                segmentation},
  journal    = {CoRR},
  volume     = {abs/1311.2524},
  year       = {2013},
  url        = {http://arxiv.org/abs/1311.2524},
  eprinttype = {arXiv},
  eprint     = {1311.2524},
  timestamp  = {Mon, 13 Aug 2018 16:48:09 +0200},
  biburl     = {https://dblp.org/rec/journals/corr/GirshickDDM13.bib},
  bibsource  = {dblp computer science bibliography, https://dblp.org}
}

@article{faster-r-cnn,
  author     = {Shaoqing Ren and
                Kaiming He and
                Ross B. Girshick and
                Jian Sun},
  title      = {Faster {R-CNN:} Towards Real-Time Object Detection with Region Proposal
                Networks},
  journal    = {CoRR},
  volume     = {abs/1506.01497},
  year       = {2015},
  url        = {http://arxiv.org/abs/1506.01497},
  eprinttype = {arXiv},
  eprint     = {1506.01497},
  timestamp  = {Mon, 13 Aug 2018 16:46:02 +0200},
  biburl     = {https://dblp.org/rec/journals/corr/RenHG015.bib},
  bibsource  = {dblp computer science bibliography, https://dblp.org}
}

@misc{mask-r-cnn,
  title         = {Mask R-CNN},
  author        = {Kaiming He and Georgia Gkioxari and Piotr Dollár and Ross Girshick},
  year          = {2018},
  eprint        = {1703.06870},
  archiveprefix = {arXiv},
  primaryclass  = {cs.CV},
  url           = {https://arxiv.org/abs/1703.06870}
}

@article{szegedy:ssd,
  author     = {Wei Liu and
                Dragomir Anguelov and
                Dumitru Erhan and
                Christian Szegedy and
                Scott E. Reed and
                Cheng{-}Yang Fu and
                Alexander C. Berg},
  title      = {{SSD:} Single Shot MultiBox Detector},
  journal    = {CoRR},
  volume     = {abs/1512.02325},
  year       = {2015},
  url        = {http://arxiv.org/abs/1512.02325},
  eprinttype = {arXiv},
  eprint     = {1512.02325},
  timestamp  = {Wed, 12 Feb 2020 08:32:49 +0100},
  biburl     = {https://dblp.org/rec/journals/corr/LiuAESR15.bib},
  bibsource  = {dblp computer science bibliography, https://dblp.org}
}

@misc{2dhpe,
  title         = {2D Human Pose Estimation with Explicit Anatomical Keypoints Structure Constraints},
  author        = {Zhangjian Ji and Zilong Wang and Ming Zhang and Yapeng Chen and Yuhua Qian},
  year          = {2022},
  eprint        = {2212.02163},
  archiveprefix = {arXiv},
  primaryclass  = {cs.CV},
  url           = {https://arxiv.org/abs/2212.02163}
}

@misc{blazepose,
  title         = {BlazePose: On-device Real-time Body Pose tracking},
  author        = {Valentin Bazarevsky and Ivan Grishchenko and Karthik Raveendran and Tyler Zhu and Fan Zhang and Matthias Grundmann},
  year          = {2020},
  eprint        = {2006.10204},
  archiveprefix = {arXiv},
  primaryclass  = {cs.CV},
  url           = {https://arxiv.org/abs/2006.10204}
}

@inproceedings{deeppose,
  title     = {DeepPose: Human Pose Estimation via Deep Neural Networks},
  url       = {http://dx.doi.org/10.1109/CVPR.2014.214},
  doi       = {10.1109/cvpr.2014.214},
  booktitle = {2014 IEEE Conference on Computer Vision and Pattern Recognition},
  publisher = {IEEE},
  author    = {Toshev, Alexander and Szegedy, Christian},
  year      = {2014},
  month     = jun,
  pages     = {1653–1660}
}


@misc{openpifpaf,
  title         = {OpenPifPaf: Composite Fields for Semantic Keypoint Detection and Spatio-Temporal Association},
  author        = {Sven Kreiss and Lorenzo Bertoni and Alexandre Alahi},
  year          = {2021},
  eprint        = {2103.02440},
  archiveprefix = {arXiv},
  primaryclass  = {cs.CV},
  url           = {https://arxiv.org/abs/2103.02440}
}

@misc{aksoy,
  author = {Aksoy, Necati and Genc, Istemihan},
  year   = {2024},
  month  = {04},
  pages  = {},
  title  = {Comprehensive Assessment and Comparative Analysis of Deep Learning Models for Large-Scale Renewable Energy Power Generation Prediction: A National Perspective},
  doi    = {10.21203/rs.3.rs-4288941/v1}
}

@article{elman,
  author  = {Elman, Jeffrey L.},
  title   = {Finding Structure in Time},
  journal = {Cognitive Science},
  volume  = {14},
  number  = {2},
  pages   = {179-211},
  doi     = {https://doi.org/10.1207/s15516709cog1402\_1},
  url     = {https://onlinelibrary.wiley.com/doi/abs/10.1207/s15516709cog1402_1},
  eprint  = {https://onlinelibrary.wiley.com/doi/pdf/10.1207/s15516709cog1402_1},
  year    = {1990}
}

@incollection{jordan,
  title     = {Chapter 25 - Serial Order: A Parallel Distributed Processing Approach},
  editor    = {John W. Donahoe and Vivian {Packard Dorsel}},
  series    = {Advances in Psychology},
  publisher = {North-Holland},
  volume    = {121},
  pages     = {471-495},
  year      = {1997},
  booktitle = {Neural-Network Models of Cognition},
  issn      = {0166-4115},
  doi       = {https://doi.org/10.1016/S0166-4115(97)80111-2},
  url       = {https://www.sciencedirect.com/science/article/pii/S0166411597801112},
  author    = {Michael I. Jordan}
}

@inproceedings{anochi,
  author = {Anochi, Juliana and Silva, José},
  year   = {2011},
  month  = {11},
  pages  = {},
  title  = {Neural Network Models for Climate Forecasting based on Reanalysis Data},
  doi    = {10.21528/CBIC2011-19.5}
}

@article{LSTM,
  author  = {Hochreiter, Sepp and Schmidhuber, Jürgen},
  year    = {1997},
  month   = {11},
  pages   = {1735-1780},
  title   = {Long Short-Term Memory},
  volume  = {9},
  journal = {Neural Computation},
  doi     = {10.1162/neco.1997.9.8.1735}
}


@misc{gru,
  title         = {Learning Phrase Representations using RNN Encoder-Decoder for Statistical Machine Translation},
  author        = {Kyunghyun Cho and Bart van Merrienboer and Caglar Gulcehre and Dzmitry Bahdanau and Fethi Bougares and Holger Schwenk and Yoshua Bengio},
  year          = {2014},
  eprint        = {1406.1078},
  archiveprefix = {arXiv},
  primaryclass  = {cs.CL},
  url           = {https://arxiv.org/abs/1406.1078}
}


@manual{torchvision,
  author       = {{PyTorch Development Team}},
  month        = {04},
  note         = {\url{https://example.com/docs}},
  organization = {The Linux Foundationy},
  title        = {Torchvision Documentation},
  year         = {2025}
}
@online{keypoint-rcnn,
  author = {Marcus Loo Vergara},
  title  = {Keypoint RCNN},
  year   = {2017},
  url    = {https://github.com/bitsauce/Keypoint_RCNN},
  note   = {Accessed: 2025-04-23}
}

@misc{shufflenetv2,
  title         = {ShuffleNet V2: Practical Guidelines for Efficient CNN Architecture Design},
  author        = {Ningning Ma and Xiangyu Zhang and Hai-Tao Zheng and Jian Sun},
  year          = {2018},
  eprint        = {1807.11164},
  archiveprefix = {arXiv},
  primaryclass  = {cs.CV},
  url           = {https://arxiv.org/abs/1807.11164}
}

@dataset{caucafall,
  author    = {Jose Camilo Eraso and Elena Muñoz and Mariela Muñoz and Jesus Pinto},
  title     = {Dataset CAUCAFall},
  year      = {2022},
  version   = {4},
  doi       = {10.17632/7w7fccy7ky.4},
  url       = {https://data.mendeley.com/datasets/7w7fccy7ky/4},
  publisher = {Mendeley Data},
  note      = {Accessed: 2025-04-24}
}

@article{dhruv2020image,
  title     = {Image classification using convolutional neural network (CNN) and recurrent neural network (RNN): A review},
  author    = {Dhruv, Patel and Naskar, Subham},
  journal   = {Machine learning and information processing: proceedings of ICMLIP 2019},
  pages     = {367--381},
  year      = {2020},
  publisher = {Springer}
}

@misc{cnn_introduction,
  title         = {An Introduction to Convolutional Neural Networks},
  author        = {Keiron O'Shea and Ryan Nash},
  year          = {2015},
  eprint        = {1511.08458},
  archiveprefix = {arXiv},
  primaryclass  = {cs.NE},
  url           = {https://arxiv.org/abs/1511.08458}
}
@article{rawat2017deep,
  title     = {Deep convolutional neural networks for image classification: A comprehensive review},
  author    = {Rawat, Waseem and Wang, Zenghui},
  journal   = {Neural computation},
  volume    = {29},
  number    = {9},
  pages     = {2352--2449},
  year      = {2017},
  publisher = {MIT Press}
}

@inproceedings{afreview,
  title        = {A review of activation function for artificial neural network},
  author       = {Rasamoelina, Andrinandrasana David and Adjailia, Fouzia and Sin{\v{c}}{\'a}k, Peter},
  booktitle    = {2020 IEEE 18th world symposium on applied machine intelligence and informatics (SAMI)},
  pages        = {281--286},
  year         = {2020},
  organization = {IEEE}
}
@article{sigmoidImplementation,
  title     = {Efficient digital implementation of the sigmoid function for reprogrammable logic},
  author    = {Tommiska, MT},
  journal   = {IEE Proceedings-Computers and Digital Techniques},
  volume    = {150},
  number    = {6},
  pages     = {403--411},
  year      = {2003},
  publisher = {IET}
}

@inproceedings{reluAnalysis,
  title        = {Analysis of function of rectified linear unit used in deep learning},
  author       = {Hara, Kazuyuki and Saito, Daisuke and Shouno, Hayaru},
  booktitle    = {2015 international joint conference on neural networks (IJCNN)},
  pages        = {1--8},
  year         = {2015},
  organization = {IEEE}
}
@misc{mishaf,
  title         = {Mish: A Self Regularized Non-Monotonic Activation Function},
  author        = {Diganta Misra},
  year          = {2020},
  eprint        = {1908.08681},
  archiveprefix = {arXiv},
  primaryclass  = {cs.LG},
  url           = {https://arxiv.org/abs/1908.08681}
}
@misc{adam,
  title         = {Adam: A Method for Stochastic Optimization},
  author        = {Diederik P. Kingma and Jimmy Ba},
  year          = {2017},
  eprint        = {1412.6980},
  archiveprefix = {arXiv},
  primaryclass  = {cs.LG},
  url           = {https://arxiv.org/abs/1412.6980}
}

@article{RMSProp,
  title   = {Lecture 6.5-rmsprop: Divide the gradient by a running average of its recent magnitude},
  author  = {Tieleman, Tijmen and Hinton, Geoffrey},
  journal = {COURSERA: Neural networks for machine learning},
  volume  = {4},
  number  = {2},
  pages   = {26--31},
  year    = {2012}
}

@phdthesis{lasso,
  title  = {The Lasso and its implementation for neural networks},
  author = {Sun, Xiang},
  year   = {1999}
}

@misc{l2,
  title         = {Decoupled Weight Decay Regularization},
  author        = {Ilya Loshchilov and Frank Hutter},
  year          = {2019},
  eprint        = {1711.05101},
  archiveprefix = {arXiv},
  primaryclass  = {cs.LG},
  url           = {https://arxiv.org/abs/1711.05101}
}

@misc{deeprnn,
  title         = {How to Construct Deep Recurrent Neural Networks},
  author        = {Razvan Pascanu and Caglar Gulcehre and Kyunghyun Cho and Yoshua Bengio},
  year          = {2014},
  eprint        = {1312.6026},
  archiveprefix = {arXiv},
  primaryclass  = {cs.NE},
  url           = {https://arxiv.org/abs/1312.6026}
}